@BOOK{AMA,
	author = {L. Hanzlik, K. Kluczniak, Ł. Krzywiecki, M. Kutyłowski},
	title = {Mutual Chip Authentication},
	JOURNAL = {Faculty of Fundamental Problems of Technology, Wrocław University of Technology, Wrocław, Poland}
}

@misc{base_64,
 	author =						{Robert Harder},
 	title =								{Base64},
 	howpublished =	"\url{http://iharder.sourceforge.net/current/java/base64/}"
}


@misc{JNI,
 	title =								{Java Programming Tutorial - Java Native Interface (JNI)},
 	howpublished =	"\url{https://www3.ntu.edu.sg/home/ehchua/programming/java/JavaNativeInterface.html}"
}


@misc{NIST,
	title =								{NIST SP 800-131 recommendation for key length},
 	howpublished =	"\url{http://csrc.nist.gov/publications/nistpubs/800-131A/sp800-131A.pdf}"
}


@misc{minim_dft,
	title =								{Minim FFT Class},
 	howpublished =	"\url{http://code.compartmental.net/minim/javadoc/ddf/minim/analysis/FFT.html}"
}

@misc{decibels,
	title = {Poziom nateżenia dźwieku},
	howpublished = "\url{http://www.fizykon.org/akustyka/akustyka_poziom_natezenia.htm}"
}

@misc{sound_intensity,
	title = {Nateżenie fali dźwiękowej},
	howpublished = "\url{http://www.fizykon.org/akustyka/akustyka_natezenie_fali.htm}"
}

@misc{sound_speed,
  title = 	{The Speed of Sound},
  howpublished = 	"\url{http://www.sengpielaudio.com/calculator-speedsound.htm}"
}

@BOOK{limit_sound,
	title = 								{Age variation in the upper limit of hearing},
	author = 						{Shintaro Takeda and Ikuharu Morioka and Kazuhisa Miyashita and Akeharu Okumura and Yoshiaki Yoshida and Kenji Matsumoto},
	howpublished = 	"\url{http://link.springer.com/content/pdf/10.1007%2FBF00243505}"
}

@misc{fourier,
  title = 	{The Descrete Transform Fourier (DFT): Definition and numerical examples},
  howpublished = 	"\url{http://www.nbtwiki.net/doku.php?id=tutorial:the_discrete_fourier_transformation_dft#.UND9vuT6Jv8}"
}

@misc{fast_fourier,
	author = 						{Steve Haynal and Heidi Haynal},
  title = 								{Generating and Searching Families of FFT Algorithms},
  howpublished = 	"\url{http://jsat.ewi.tudelft.nl/content/volume7/JSAT7_13_Haynal.pdf}"
}

@BOOK{sign_mac,
author = {Hugo Krawczyk},
title = {SIGMA the 'SIGn-and-MAc' Approach to Authenticated Diffie-Hellman and its Use in the IKE Protocols},
JOURNAL =	{EE Department, Technion, Haifa, Israel, and IBM T.J. Watson Research Center}
}

@BOOK{cryptography,
author={Alfred J. Menezes, Paul C. van Oorschot, Scott A. Vanstone},
title={Handbook of Applied Cryptography},
year={1996},
JOURNAL={CRC Press}
}

@BOOK{key_exchange,
author={Ran Canetti, Hugo Krawczyk},
title={Analysis of key-exchange protocols and their use for building secure channels. Advances in Cryptology},
JOURNAL={EUROCRYPT},
YEAR={2001}
}

@ARTICLE{efficient_eck,
author = {Zheng Yang},
title = {Efficient eCK-secure Authenticated Key Exchange Protocols in the Standard Model}
}

@ARTICLE{security_canetti_krawczyk,
author = {Xinghua Li, Jianfeng Ma, SaanJae Moon},
title = {On the security of Cenetti-Krawczyk model}
}

@misc{laser_mic,
author = {Mike Szczys},
title = {LASER MIC MAKES EAVESDROPPING REMARKABLY SIMPLE},
howpublished = "\url{http://hackaday.com/2010/09/25/laser-mic-makes-eavesdropping-remarkably-simple/}"
}

@ARTICLE{vibrat,
title= {Vibrations usage in out-of-band channel},
howpulished = "\url{http://www.theverge.com/2013/9/16/4736860/bump-acquired-by-google}"
}

@misc{QRcode,
author = {Pawel Nuzka},
title = {Authentication and communication protocol for mobile devices in optical channel},
publisher = {Faculty of Fundamental Problems of Technology, Wroclaw University of Technology}
}

@BOOK{EKE,
author = {S. Bellovin, M. Merrit},
title = {Augmented encrypted key exchange: a password-based protocol secure against dictionary atttacks and password file compromise},
JOURNAL ={In Proceedings of the ACM Conference on Computer and Communications Security (CCS)},
PAGES = {244-–250},
edition =			{},
YEAR = {1993}
}

@BOOK{EKE2,
author = {S. Bellovin, M. Merrit},
title = {Encrypted key exchange: Password-based protocols secure against dictionary attacks.},
JOURNAL = {In Proceedings of the IEEE Symposium on Security and Privacy},
PAGES = {72–-84},
edition =			{},
YEAR = {1992}
}

@BOOK{HMQV,
author={Hugo Krawczyk},
title = {HMQV: A High-Performance Secure Diffie-Hellman Protocol},
JOURNAL = {IBM T.J.Watson Research Center, Yorktown Heights, NY}
}

@misc{KEA,
author = {Kristin Lauter, Anton Mityagin},
title = {Security Analysis of KEA Authenticated Key Exchange Protocol}
}

@misc{CQMV,
author = {Berkant Ustaoglu},
title = {Obtaining a secure and efficient key agreement protocol from (H)MQV and NAXOS}
}

@BOOK{NAXOS,
author = {Brian LaMacchia, Kristin Lauter, Anton Mityagin},
title = {Stronger Security of Authenticated Key Exchange},
JOURNAL = {Microsoft Research, 1 Microsoft Way, Redmond, WA}
}


@misc{cankraw2,
author = {Xinghua Li, Jianfeng Ma, SaanJae Moon},
title ={On the security of Cenetti-Krawczyk model}
}

@misc{android_sec,
author = {Android},
howpublished = "\url{https://source.android.com/devices/tech/security/}"
}